@article{EndoNet,
  author    = {Andru Putra Twinanda and
               Sherif Shehata and
               Didier Mutter and
               Jacques Marescaux and
               Michel de Mathelin and
               Nicolas Padoy},
  title     = {EndoNet: {A} Deep Architecture for Recognition Tasks on Laparoscopic
               Videos},
  journal   = {CoRR},
  volume    = {abs/1602.03012},
  year      = {2016},
  url       = {http://arxiv.org/abs/1602.03012},
  archivePrefix = {arXiv},
  eprint    = {1602.03012},
  timestamp = {Mon, 13 Aug 2018 16:46:10 +0200},
  biburl    = {https://dblp.org/rec/journals/corr/TwinandaSMMMP16.bib},
  bibsource = {dblp computer science bibliography, https://dblp.org}
}